<?xml version="1.0" encoding="UTF-8"?><collection xmlns="http://www.loc.gov/MARC21/slim"><record><leader>00442nam--2200145-i-4500</leader><controlfield tag="001">000023388</controlfield><controlfield tag="002">20161230</controlfield><controlfield tag="005">20161230201035</controlfield><controlfield tag="008">060222s1000------------r-----000-0-eng-d</controlfield><datafield ind1=" " ind2=" " tag="080"><subfield code="a">539.172.5(047)</subfield></datafield><datafield ind1=" " ind2=" " tag="100"><subfield code="a">Johannesson, N.O. And Petersen, J.L</subfield></datafield><datafield ind1=" " ind2=" " tag="245"><subfield code="a">Coupled channel study of the s-wawe-kk interaction</subfield></datafield><datafield ind1=" " ind2=" " tag="260"><subfield code="a">Hobenhavn, Nordisk Institut For Teoretisk Atomfysik, 1974. /397-412</subfield></datafield><datafield ind1=" " ind2=" " tag="490"><subfield code="a">Nordita Publications</subfield></datafield><datafield ind1=" " ind2=" " tag="852"><subfield code="a">16415</subfield></datafield></record></collection>